@article{tseng2002fuzzy,
  title={A fuzzy seasonal ARIMA model for forecasting},
  author={Tseng, Fang-Mei and Tzeng, Gwo-Hshiung},
  journal={Fuzzy Sets and Systems},
  volume={126},
  number={3},
  pages={367--376},
  year={2002},
  publisher={Elsevier}
}

@article{lei2009review,
  title={A review on the forecasting of wind speed and generated power},
  author={Lei, Ma and Shiyan, Luan and Chuanwen, Jiang and Hongling, Liu and Yan, Zhang},
  journal={Renewable and Sustainable Energy Reviews},
  volume={13},
  number={4},
  pages={915--920},
  year={2009},
  publisher={Elsevier}
}

@book{kariniotakis2017renewable,
  title={Renewable Energy Forecasting: From Models to Applications},
  author={Kariniotakis, G.},
  series={Woodhead Publishing Series in Energy},
  year={2017},
  publisher={Elsevier Science}
}


@article{taylor2015forecasting,
  title={Forecasting wind power quantiles using conditional kernel estimation},
  author={Taylor, James W and Jeon, Jooyoung},
  journal={Renewable Energy},
  volume={80},
  pages={370--379},
  year={2015},
  publisher={Elsevier}
}

@article{jeon2012using,
  title={Using conditional kernel density estimation for wind power density forecasting},
  author={Jeon, Jooyoung and Taylor, James W},
  journal={Journal of the American Statistical Association},
  volume={107},
  number={497},
  pages={66--79},
  year={2012},
  publisher={Taylor \& Francis Group}
}

@article{gallego2016line,
  title={On-line quantile regression in the RKHS (Reproducing Kernel Hilbert Space) for operational probabilistic forecasting of wind power},
  author={Gallego-Castillo, Cristobal and Bessa, Ricardo and Cavalcante, Laura and Lopez-Garcia, Oscar},
  journal={Energy},
  volume={113},
  pages={355--365},
  year={2016},
  publisher={Elsevier}
}

@article{cavalcante2017lasso,
  title={LASSO vector autoregression structures for very short-term wind power forecasting},
  author={Cavalcante, Laura and Bessa, Ricardo J and Reis, Marisa and Browell, Jethro},
  journal={Wind Energy},
  volume={20},
  number={4},
  pages={657--675},
  year={2017},
  publisher={Wiley Online Library}
}

@inproceedings{souto2014high,
  title={A high-dimensional VARX model to simulate monthly renewable energy supply},
  author={Souto, Mario and Moreira, Alexandre and Veiga, Alvaro and Street, Alexandre and Garcia, Joaquim Dias and Epprecht, Camila},
  booktitle={Power Systems Computation Conference (PSCC), 2014},
  pages={1--7},
  year={2014},
  organization={IEEE}
}

@article{SHI2012,
title = "Evaluation of hybrid forecasting approaches for wind speed and power generation time series",
journal = "Renewable and Sustainable Energy Reviews",
volume = "16",
number = "5",
pages = "3471 - 3480",
year = "2012",
note = "",
issn = "1364-0321",
doi = "http://dx.doi.org/10.1016/j.rser.2012.02.044",
url = "http://www.sciencedirect.com/science/article/pii/S1364032112001384",
author = "Jing Shi and Jinmei Guo and Songtao Zheng",
keywords = "Wind speed",
keywords = "Wind power",
keywords = "Hybrid forecasting",
keywords = "ARIMA",
keywords = "ANN",
keywords = "SVM"
}

@article{chen2010arima,
  title={ARIMA-based time series model of stochastic wind power generation},
  author={Chen, Peiyuan and Pedersen, Troels and Bak-Jensen, Birgitte and Chen, Zhe},
  journal={IEEE Transactions on Power Systems},
  volume={25},
  number={2},
  pages={667--676},
  year={2010},
  publisher={IEEE}
}

@article{wang2011review,
  title={A review of wind power forecasting models},
  author={Wang, Xiaochen and Guo, Peng and Huang, Xiaobin},
  journal={Energy procedia},
  volume={12},
  pages={770--778},
  year={2011},
  publisher={Elsevier}
}

@article{wang2017deep,
  title={Deep learning based ensemble approach for probabilistic wind power forecasting},
  author={Wang, Huai-zhi and Li, Gang-qiang and Wang, Gui-bing and Peng, Jian-chun and Jiang, Hui and Liu, Yi-tao},
  journal={Applied Energy},
  volume={188},
  pages={56--70},
  year={2017},
  publisher={Elsevier}
}

@article{pinson2007,
  title={Trading wind generation from short-term probabilistic forecasts of wind power},
  author={Pinson, Pierre and Chevallier, Christophe and Kariniotakis, George N},
  journal={IEEE Transactions on Power Systems},
  volume={22},
  number={3},
  pages={1148--1156},
  year={2007},
  publisher={IEEE}
}

@article{nielsen2006,
  title={Using quantile regression to extend an existing wind power forecasting system with probabilistic forecasts},
  author={Nielsen, Henrik Aalborg and Madsen, Henrik and Nielsen, Torben Skov},
  journal={Wind Energy},
  volume={9},
  number={1-2},
  pages={95--108},
  year={2006},
  publisher={Wiley Online Library}
}

@article{wan2016,
  title={Probabilistic wind power forecasting with hybrid artificial neural networks},
  author={Wan, Can and Song, Yonghua and Xu, Zhao and Yang, Guangya and Nielsen, Arne Hejde},
  journal={Electric Power Components and Systems},
  volume={44},
  number={15},
  pages={1656--1668},
  year={2016},
  publisher={Taylor \& Francis}
}


@article{Xydas2017,
title = {Probabilistic wind power forecasting and its application in the scheduling of gas-fired generators},
journal = {Applied Energy},
volume = {192},
pages = {382--394},
year = {2017},
issn = {0306-2619},
doi = {https://doi.org/10.1016/j.apenergy.2016.10.019},
url = {http://www.sciencedirect.com/science/article/pii/S030626191631443X},
author = {Erotokritos Xydas and Meysam Qadrdan and Charalampos Marmaras and Liana Cipcigan and Nick Jenkins and Hossein Ameli}
}

@online{IntEnerAgency,
	title = {International Energy Agency},
	url = {https://www.iea.org/newsroom/news/2013/october/wind-power-seen-generating-up-to-18-of-global-power-by-2050.html},
}


@online{GASwebpage,
	title = {GAS on-line repository},
	url = {http://www.gasmodel.com/},
}


@article{SHAPIRO2013,
	title = "Risk neutral and risk averse Stochastic Dual Dynamic Programming method",
	journal = "European Journal of Operational Research",
	volume = "224",
	number = "2",
	pages = "375 - 391",
	year = "2013",
	note = "",
	issn = "0377-2217",
	doi = "http://dx.doi.org/10.1016/j.ejor.2012.08.022",
	url = "http://www.sciencedirect.com/science/article/pii/S0377221712006455",
	author = "Alexander Shapiro and Wajdi Tekaya and Joari Paulo da Costa and Murilo Pereira Soares",
	keywords = "Multistage stochastic programming",
	keywords = "Dynamic equations",
	keywords = "Stochastic Dual Dynamic Programming",
	keywords = "Sample average approximation",
	keywords = "Risk averse",
	keywords = "Average Value-at-Risk"
}

@ARTICLE{Street2017, 
	author={A. Street and A. Brigatto and D. M. Valladao}, 
	journal={IEEE Transactions on Power Systems}, 
	title={Co-optimization of Energy and Ancillary Services for Hydrothermal Operation Planning Under a General Security Criterion}, 
	year={2017}, 
	volume={PP}, 
	number={99}, 
	pages={1-1}, 
	keywords={Generators;Optimization;Planning;Robustness;Security;Stochastic processes;Uncertainty;Adjustable Robust Optimization;Co-Optimization of Energy and Ancillary Services;Column-and-constraint Generation;Hydrothermal Operation Planning;Stochastic Dual Dynamic Programming;n-K Security Criterion}, 
	doi={10.1109/TPWRS.2017.2672555}, 
	ISSN={0885-8950}, 
	month={},}


@ARTICLE{Fanzeres2015, 
	author={B. Fanzeres and A. Street and L. A. Barroso}, 
	journal={IEEE Transactions on Power Systems}, 
	title={Contracting Strategies for Renewable Generators: A Hybrid Stochastic and Robust Optimization Approach}, 
	year={2015}, 
	volume={30}, 
	number={4}, 
	pages={1825-1837}, 
	keywords={electricity supply industry;power generation economics;power markets;renewable energy sources;stochastic processes;stochastic programming;Brazilian market;ETC uncertainty;bilevel optimization model;buy-and-sell portfolio;energy trading company;hybrid stochastic optimization approach;market forecasting;mixing stochastic;optimal contracting strategy;optimal risk-averse renewable portfolio;price distribution;renewable energy sources generation;renewable generator;robust optimization approach;stochastic process;stochastic programming approach;unpredictable market condition;Contracts;Optimization;Portfolios;Production;Robustness;Stochastic processes;Uncertainty;Conditional value-at-risk;power system economics;robust optimization;stochastic optimization}, 
	doi={10.1109/TPWRS.2014.2346988}, 
	ISSN={0885-8950}, 
	month={July},}

@ARTICLE{Wan2017, 
	author={C. Wan and J. Lin and J. Wang and Y. Song and Z. Y. Dong}, 
	journal={IEEE Transactions on Power Systems}, 
	title={Direct Quantile Regression for Nonparametric Probabilistic Forecasting of Wind Power Generation}, 
	year={2017}, 
	volume={32}, 
	number={4}, 
	pages={2767-2778}, 
	keywords={Forecasting;Predictive models;Probabilistic logic;Reliability;Uncertainty;Wind forecasting;Wind power generation;Extreme learning machine;linear programming;probabilistic forecasting;quantile regression;uncertainty;wind power}, 
	doi={10.1109/TPWRS.2016.2625101}, 
	ISSN={0885-8950}, 
	month={July},}


@ARTICLE{Aderson2017, 
	author={A. C. Passos and A. Street and L. A. Barroso}, 
	journal={IEEE Transactions on Power Systems}, 
	title={A Dynamic Real Option-Based Investment Model for Renewable Energy Portfolios}, 
	year={2017}, 
	volume={32}, 
	number={2}, 
	pages={883-895}, 
	keywords={investment;lattice theory;optimisation;power markets;renewable energy sources;Brazilian power system;bilateral contracts;binomial lattice model;dynamic real option-based investment model;hybrid robust-and-stochastic optimization approach;optimal risk-averse investment policy;real-option valuation;renewable energy portfolios;static energy-contracting model;Contracts;Investment;Lattices;Portfolios;Power system dynamics;Timing;Uncertainty;Binomial lattice;complementary renewable sources;investment timing;real options;renewable energy portfolio;risk-averse dynamic investment decisions;robust and stochastic optimization}, 
	doi={10.1109/TPWRS.2016.2564983}, 
	ISSN={0885-8950}, 
	month={March},}

@inproceedings{box1976time,
  title={Time series analysis. Forecasting and control},
  author={Box, George EP and Jenkins, Gwilym M},
  booktitle={Holden-Day Series in Time Series Analysis, Revised ed., San Francisco: Holden-Day, 1976},
  year={1976}
}

@article{barroso2011offering,
  title={Offering strategies and simulation of multi-item iterative auctions of energy contracts},
  author={Barroso, Luiz Augusto and Street, Alexandre and Granville, Sergio and Pereira, Mario Veiga},
  journal={Power Systems, IEEE Transactions on},
  volume={26},
  number={4},
  pages={1917--1928},
  year={2011},
  publisher={IEEE}
}

@article{zhang2014review,
  title={Review on probabilistic forecasting of wind power generation},
  author={Zhang, Yao and Wang, Jianxue and Wang, Xifan},
  journal={Renewable and Sustainable Energy Reviews},
  volume={32},
  pages={255--270},
  year={2014},
  publisher={Elsevier}
}

@article{conradsen1984review,
  title={Review of Weibull statistics for estimation of wind speed distributions},
  author={Conradsen, K and Nielsen, LB and Prahm, LP},
  journal={Journal of Climate and Applied Meteorology},
  volume={23},
  number={8},
  pages={1173--1183},
  year={1984}
}

@article{brown1984time,
  title={Time series models to simulate and forecast wind speed and wind power},
  author={Brown, Barbara G and Katz, Richard W and Murphy, Allan H},
  journal={Journal of climate and applied meteorology},
  volume={23},
  number={8},
  pages={1184--1195},
  year={1984}
}

@article{conejo2005forecasting,
  title={Forecasting electricity prices for a day-ahead pool-based electric energy market},
  author={Conejo, Antonio J and Contreras, Javier and Esp{\'\i}nola, Rosa and Plazas, Miguel A},
  journal={International Journal of Forecasting},
  volume={21},
  number={3},
  pages={435--462},
  year={2005},
  publisher={Elsevier}
}

@book{mur2010variability,
  title={Variability of wind and wind power},
  author={Mur-Amada, Joaquin and Bayod-R{\'u}jula, {\'A}ngel},
  year={2010},
  publisher={INTECH Open Access Publisher}
}

@article{sideratos2012probabilistic,
  title={Probabilistic wind power forecasting using radial basis function neural networks},
  author={Sideratos, George and Hatziargyriou, Nikos D},
  journal={Power Systems, IEEE Transactions on},
  volume={27},
  number={4},
  pages={1788--1796},
  year={2012},
  publisher={IEEE}
}

@article{vincent2011wind,
  title={Wind fluctuations over the North Sea},
  author={Vincent, Claire L and Pinson, Pierre and Giebela, Gregor},
  journal={International Journal of Climatology},
  volume={31},
  number={11},
  pages={1584--1595},
  year={2011},
  publisher={Wiley Online Library}
}

@article{taylor2009wind,
  title={Wind power density forecasting using ensemble predictions and time series models},
  author={Taylor, James W and McSharry, Patrick E and Buizza, Roberto},
  journal={Energy Conversion, IEEE Transactions on},
  volume={24},
  number={3},
  pages={775--782},
  year={2009},
  publisher={IEEE}
}

@article{lau2010approaches,
  title={Approaches for multi-step density forecasts with application to aggregated wind power},
  author={Lau, Ada and McSharry, Patrick},
  journal={The Annals of Applied Statistics},
  pages={1311--1341},
  year={2010},
  publisher={JSTOR}
}

@article{bessa2012time,
  title={Time adaptive conditional kernel density estimation for wind power forecasting},
  author={Bessa, Ricardo J and Miranda, Vladimiro and Botterud, Audun and Wang, Jianhui and Constantinescu, M},
  journal={Sustainable Energy, IEEE Transactions on},
  volume={3},
  number={4},
  pages={660--669},
  year={2012},
  publisher={IEEE}
}

@article{bremnes2004probabilistic,
  title={Probabilistic wind power forecasts using local quantile regression},
  author={Bremnes, John Bj{\o}rnar},
  journal={Wind Energy},
  volume={7},
  number={1},
  pages={47--54},
  year={2004},
  publisher={Wiley Online Library}
}

@book{wand1994kernel,
  title={Kernel smoothing},
  author={Wand, Matt P and Jones, M Chris},
  year={1994},
  publisher={Crc Press}
}

@article{pinson2004line,
  title={On-line assessment of prediction risk for wind power production forecasts},
  author={Pinson, Pierre and Kariniotakis, Georges},
  journal={Wind Energy},
  volume={7},
  number={2},
  pages={119--132},
  year={2004},
  publisher={Wiley Online Library}
}

@article{pinson2009probabilistic,
  title={From probabilistic forecasts to statistical scenarios of short-term wind power production},
  author={Pinson, Pierre and Papaefthymiou, George and Klockl, Bernd and Nielsen, Henrik Aalborg and Madsen, Henrik},
  journal={Wind energy},
  volume={12},
  number={1},
  pages={51--62},
  year={2009}
}

@inproceedings{papaefthymioumodeling,
  title={Modeling of spatial dependence in wind power forecast uncertainty},
  author={Papaefthymiou, G and Pinson, P},
  booktitle={Probabilistic Methods Applied to Power Systems, 2008. PMAPS'08. Proceedings of the 10th International Conference on},
  pages={1--9},
  year={2008},
  organization={IEEE}
}


@article{morales2010methodology,
  title={A methodology to generate statistically dependent wind speed scenarios},
  author={Morales, Juan M and Minguez, Roberto and Conejo, Antonio J},
  journal={Applied Energy},
  volume={87},
  number={3},
  pages={843--855},
  year={2010},
  publisher={Elsevier}
}


  @Article{FosteringWPP,
key = {FosteringWPP},
author = {A. Street and D. A. Lima and A. Veiga and B. Fanzeres and L. Freire and B. Amaral},
title = {Fostering {W}ind {P}ower {P}enetration into the {B}razilian {F}orward-{C}ontract {M}arket},
journal = {IEEE PES General Meeting 2011},
address = {San Diego, California, USA},
pages = {1--8},
month = {Jul.},
year = {2011}
} 

@article{creal2013generalized,
  title={Generalized autoregressive score models with applications},
  author={Creal, Drew and Koopman, Siem Jan and Lucas, Andr{\'e}},
  journal={Journal of Applied Econometrics},
  volume={28},
  number={5},
  pages={777--795},
  year={2013},
  publisher={Wiley Online Library}
}

@article{blasques2014stationarity,
  title={Stationarity and ergodicity of univariate generalized autoregressive score processes},
  author={Blasques, Francisco and Koopman, Siem Jan and Lucas, Andr{\'e} and others},
  journal={Electronic Journal of Statistics},
  volume={8},
  number={1},
  pages={1088--1112},
  year={2014},
  publisher={Institute of Mathematical Statistics}
}


@inproceedings{porrua2010wind,
  title={Wind power insertion through energy auctions in Brazil},
  author={Porrua, Fernando and Bezerra, Bernardo and Barroso, Luiz Augusto and Lino, Priscila and Ralston, Francisco and Pereira, Mario},
  booktitle={Power and Energy Society General Meeting, 2010 IEEE},
  pages={1--8},
  year={2010},
  organization={IEEE}
}

@article{kalliovirta2012misspecification,
  title={Misspecification tests based on quantile residuals},
  author={Kalliovirta, Leena},
  journal={The Econometrics Journal},
  volume={15},
  number={2},
  pages={358--393},
  year={2012},
  publisher={Wiley Online Library}
}

@article{dunn1996randomized,
  title={Randomized quantile residuals},
  author={Dunn, Peter K and Smyth, Gordon K},
  journal={Journal of Computational and Graphical Statistics},
  volume={5},
  number={3},
  pages={236--244},
  year={1996},
  publisher={Taylor \& Francis}
}

@article{creal2011dynamic,
  title={A Dynamic Multivariate Heavy-Tailed Model for Time-Varying Volatilities and Correlations},
  author={Creal, Drew and Koopman, Siem Jan and Lucas, Andr{\~A}},
  journal={Journal of Business \& Economic Statistics},
  volume={29},
  number={4},
  pages={552--563},
  year={2011},
  publisher={American Statistical Association}
}

@phdthesis{patton2002applications,
  title={Applications of copula theory in financial econometrics},
  author={Patton, Andrew John},
  year={2002},
  school={University of California, San Diego}
}

@book{sklar1959fonctions,
  title={Fonctions de r{\'e}partition {\`a} n dimensions et leurs marges},
  author={Sklar, M},
  year={1959},
  publisher={Universit{\'e} Paris 8}
}

@article{patton2006modelling,
  title={Modelling asymmetric exchange rate dependence*},
  author={Patton, Andrew John},
  journal={International economic review},
  volume={47},
  number={2},
  pages={527--556},
  year={2006},
  publisher={Wiley Online Library}
}

@incollection{patton2009copula ,
  title={Copula--based models for financial time series},
  author={Patton, Andrew John},
  booktitle={Handbook of financial time series},
  pages={767--785},
  year={2009},
  publisher={Springer}
}

@article{patton2012copula, 
  title={Copula methods for forecasting multivariate time series},
  author={Patton, Andrew John},
  journal={Handbook of economic forecasting},
  volume={2},
  year={2012},
  pages={899--960}
}

@article{christoffersen1998evaluating,
  title={Evaluating interval forecasts},
  author={Christoffersen, Peter F},
  journal={International economic review},
  pages={841--862},
  year={1998},
  publisher={JSTOR}
}

@article{engle2002dynamic,
  title={Dynamic conditional correlation: A simple class of multivariate generalized autoregressive conditional heteroskedasticity models},
  author={Engle, Robert},
  journal={Journal of Business \& Economic Statistics},
  volume={20},
  number={3},
  pages={339--350},
  year={2002},
  publisher={Taylor \& Francis}
}

@phdthesis{xu1996statistical,
  title={Statistical modelling and inference for multivariate and longitudinal discrete response data},
  author={Xu, James Jianmeng},
  year={1996},
  school={University of British Columbia}
}

@book{joe1997multivariate,
  title={Multivariate models and multivariate dependence concepts},
  author={Joe, Harry},
  year={1997},
  publisher={CRC Press}
}

@article{joe2005asymptotic,
  title={Asymptotic efficiency of the two-stage estimation method for copula-based models},
  author={Joe, Harry},
  journal={Journal of Multivariate Analysis},
  volume={94},
  number={2},
  pages={401--419},
  year={2005},
  publisher={Elsevier}
}

@article{murphy2000profile,
  title={On profile likelihood},
  author={Murphy, Susan A and Van der Vaart, Aad W},
  journal={Journal of the American Statistical Association},
  volume={95},
  number={450},
  pages={449--465},
  year={2000},
  publisher={Taylor \& Francis Group}
}

@book{cherubini2004copula,
  title={Copula methods in finance},
  author={Cherubini, Umberto and Luciano, Elisa and Vecchiato, Walter},
  year={2004},
  publisher={John Wiley \& Sons}
}


@article{moreiraStreet, 
author={A. Moreira and D. Pozo and A. Street and E. Sauma}, 
journal={IEEE Transactions on Power Systems}, 
title={Reliable Renewable Generation and Transmission Expansion Planning: Co-Optimizing System's Resources for Meeting Renewable Targets},
year={2016}, 
volume={PP}, 
number={99}, 
pages={1-1}, 
doi={10.1109/TPWRS.2016.2631450}, 
ISSN={0885-8950}, 
month={},}

@article{zhaoguan, 
author={C. Zhao and Y. Guan}, 
journal={IEEE Transactions on Power Systems}, 
title={Data-Driven Stochastic Unit Commitment for Integrating Wind Generation}, 
year={2016}, 
volume={31}, 
number={4}, 
pages={2587-2596}, 
doi={10.1109/TPWRS.2015.2477311}, 
ISSN={0885-8950}, 
month={July},}


@article{jabr2013robust,
  title={Robust transmission network expansion planning with uncertain renewable generation and loads},
  author={Jabr, RA},
  journal={IEEE Transactions on Power Systems},
  volume={28},
  number={4},
  pages={4558--4567},
  year={2013},
  publisher={IEEE}
}

@techreport{creal2008general,
  title={A General Framework for Observation Driven Time-Varying Parameter Models},
  author={Creal, Drew and Koopman, Siem Jan and Lucas, Andr{\'e}},
  year={2008},
  institution={Tinbergen Institute}
}

@book{harvey2013dynamic,
  title={Dynamic models for volatility and heavy tails: with applications to financial and economic time series},
  author={Harvey, Andrew C},
  volume={52},
  year={2013},
  publisher={Cambridge University Press}
}

@article{blasques2015information,
  title={Information-theoretic optimality of observation-driven time series models for continuous responses},
  author={Blasques, Francisco and Koopman, Siem Jan and Lucas, Andr{\'e}},
  journal={Biometrika},
  volume={102},
  number={2},
  pages={325--343},
  year={2015},
  publisher={Biometrika Trust}
}

@misc{harvey1989forecasting,
  title={Forecasting, Structural Time Series Analysis, and the Kalman Filter},
  author={Harvey, Andrew C},
  year={1989},
  publisher={Cambridge}
}

@book{durbin2012time,
  title={Time series analysis by state space methods},
  author={Durbin, James and Koopman, Siem Jan},
  volume={38},
  year={2012},
  publisher={OUP Oxford}
}


@article{cox1981statistical,
  title={Statistical analysis of time series: Some recent developments [with discussion and reply]},
  author={Cox, David R and Gudmundsson, Gudmundur and Lindgren, Georg and Bondesson, Lennart and Harsaae, Erik and Laake, Petter and Juselius, Katarina and Lauritzen, Steffen L},
  journal={Scandinavian Journal of Statistics},
  pages={93--115},
  year={1981},
  publisher={JSTOR}
}

@article{engle1986modelling,
  title={Modelling the persistence of conditional variances},
  author={Engle, Robert F and Bollerslev, Tim},
  journal={Econometric reviews},
  volume={5},
  number={1},
  pages={1--50},
  year={1986},
  publisher={Taylor \& Francis}
}


@article{engle1998autoregressive,
  title={Autoregressive conditional duration: a new model for irregularly spaced transaction data},
  author={Engle, Robert F and Russell, Jeffrey R},
  journal={Econometrica},
  pages={1127--1162},
  year={1998},
  publisher={JSTOR}
}

@article{russell1999econometric,
  title={Econometric modeling of multivariate irregularly-spaced high-frequency data},
  author={Russell, Jeffrey R},
  journal={Manuscript, GSB, University of Chicago},
  year={1999}
}

@article{davis2003observation,
  title={Observation-driven models for Poisson counts},
  author={Davis, Richard A and Dunsmuir, William TM and Streett, Sarah B},
  journal={Biometrika},
  pages={777--790},
  year={2003},
  publisher={JSTOR}
}


