@book{koenker2005quantile,
  title={Quantile regression},
  author={Koenker, Roger},
  number={38},
  year={2005},
  publisher={Cambridge university press}
}

@article{koenker1978regression,
  title={Regression quantiles},
  author={Koenker, Roger and Bassett Jr, Gilbert},
  journal={Econometrica: journal of the Econometric Society},
  pages={33--50},
  year={1978},
  publisher={JSTOR}
}

@article{sherwood2017package,
  title={Package ‘rqPen’},
  author={Sherwood, Ben and Maidman, Adam and Sherwood, Maintainer Ben and ByteCompile, TRUE},
  journal={Penalized Quantile Regression. In},
  volume={1},
  year={2017}
}


@article{machado1993robust,
  title={Robust model selection and M-estimation},
  author={Machado, Jose AF},
  journal={Econometric Theory},
  volume={9},
  pages={478--493},
  year={1993},
  publisher={Cambridge Univ Press}
}

@article{van2007worm,
  title={Worm plot to diagnose fit in quantile regression},
  author={van Buuren, Stef},
  journal={Statistical Modelling},
  volume={7},
  number={4},
  pages={363--376},
  year={2007},
  publisher={SAGE Publications}
}

@article{koenker1999goodness,
  title={Goodness of fit and related inference processes for quantile regression},
  author={Koenker, Roger and Machado, Jose AF},
  journal={Journal of the american statistical association},
  volume={94},
  number={448},
  pages={1296--1310},
  year={1999},
  publisher={Taylor \& Francis Group}
}

@inproceedings{chamberlain1994quantile,
  title={Quantile regression, censoring, and the structure of wages},
  author={Chamberlain, Gary}
}

@article{kim2009ell_1,

  title={$\ell_1$ Trend Filtering},
  author={Kim, Seung-Jean and Koh, Kwangmoo and Boyd, Stephen and Gorinevsky, Dimitry},
  journal={SIAM review},
  volume={51},
  number={2},
  pages={339--360},
  year={2009},
  publisher={SIAM}
}

@article{bertsimas2015best,
  title={Best subset selection via a modern optimization lens},
  author={Bertsimas, Dimitris and King, Angela and Mazumder, Rahul},
  journal={arXiv preprint arXiv:1507.03133},
  year={2015}
}

@article{tibshirani1996regression,
  title={Regression shrinkage and selection via the lasso},
  author={Tibshirani, Robert},
  journal={Journal of the Royal Statistical Society. Series B (Methodological)},
  pages={267--288},
  year={1996},
  publisher={JSTOR}
}

@inproceedings{porrua2010wind,
  title={Wind power insertion through energy auctions in Brazil},
  author={Porrua, Fernando and Bezerra, Bernardo and Barroso, Luiz Augusto and Lino, Priscila and Ralston, Francisco and Pereira, Mario},
  booktitle={Power and Energy Society General Meeting, 2010 IEEE},
  pages={1--8},
  year={2010},
  organization={IEEE}
}

@article{belloni2009least,
	title={Least squares after model selection in high-dimensional sparse models},
	author={Belloni, Alexandre and Chernozhukov, Victor},
	year={2009},
	publisher={MIT Department of Economics Working Paper}
}


@article{li2012l1,
  title={L1-norm quantile regression},
  author={Li, Youjuan and Zhu, Ji},
  journal={Journal of Computational and Graphical Statistics},
  year={2012},
  publisher={Taylor \& Francis}
}

@article{takeuchi2006nonparametric,
	title={Nonparametric quantile estimation},
	author={Takeuchi, Ichiro and Le, Quoc V and Sears, Timothy D and Smola, Alexander J},
	journal={Journal of Machine Learning Research},
	volume={7},
	number={Jul},
	pages={1231--1264},
	year={2006}
}


@article{efroymson1960multiple,
  title={Multiple regression analysis},
  author={Efroymson, MA},
  journal={Mathematical methods for digital computers},
  volume={1},
  pages={191--203},
  year={1960},
  publisher={Wiley: New York}
}

@article{efroymson1966stepwise,
  title={Stepwise regression--a backward and forward look},
  author={Efroymson, MA},
  journal={Florham Park, New Jersey},
  year={1966}
}


%%  title={$\backslash$ell\_1 Trend Filtering},
