@MISC{portal13,
      author 				= {{Portal Brasil}},
      title 				= {{Website of the Brazilian federal government}},
      month 				= {July},
      year 					= {2013},
      howpublished 	= {Available at: \url{http://www.brasil.gov.br/}},
}

@proceedings{barroso06,
	editor 			= {Barroso, Luiz Augusto and Rosenblatt, JosÈ and Guimar\~{a}es, AndrÈ and Bezerra, Bernardo and Pereira, Mario Veiga},
	title 			= {{Auctions of Contracts and Energy Call Options to Ensure Supply Adequacy in the Second Stage of the Brazilian Power Sector Reform}},
	publisher 	= {Power Engineering Society General Meeting, 2006. IEEE},
	year 				= {2006},
	address			= {Montreal, Quebec, Canada},
 	doi					= {10.1109/PES.2006.1708974},
}

@inproceedings{pereira04,
	author 			= {Pereira, Mario Veiga and Barroso, Luiz Augusto and Rosenblatt, JosÈ},
	title 			= {{Supply Adequacy in the Brazilian Power Market}},
	booktitle 	= {Power Engineering Society General Meeting, 2004. IEEE },
	year 				= {2004},
 	doi					= {10.1109/PES.2004.1372991},
 	volume			= {1.},
 	organization= {IEEE},
 	address			= {Denver, CO, USA},
 	pages				= {1016-1021},
}

@inproceedings{street09,
	author 			= {Street, Alexandre and Barroso, Luiz Augusto and Granville, Sergio and Pereira, Mario Veiga},
	title 			= {{Bidding Strategy under Uncertainty for Risk-Averse Generator Companies in a Long-Term Forward Contract Auction}},
	booktitle		= {Power \& Energy Society General Meeting, 2009. PES '09. IEEE},
	year 				= {2009},
	organization= {IEEE},
	address			= {Calgary, AB, Canada},
 	doi					= {10.1109/PES.2009.5275336},
 	pages				= {1--8},
}

@book{koenker2005quantile,
  title={Quantile regression},
  author={Koenker, Roger},
  number={38},
  year={2005},
  publisher={Cambridge university press}
}
