@Book{IntroLinProgra,
	title = "Introduction to {L}inear {P}rogramming",
	author = "D. Bertsimas and J. Tsitsiklis",
	publisher = "Athena Scientific",
	year = "1997",
	address = "Nashua, NH",
	edition = "First"
}

@Book{PowerSystemEconomics,
	title = "Power {S}ystem {E}conomics: {D}esigning {M}arkets for {E}lectricity",
	author = "Steven Stoft",
	publisher = "Wiley-IEEE Press",
	year = "2002",
	edition = "First"
}

@Book{EnergyRiskManag,
	Title = "Energy {T}rading and {R}isk {M}anagement: {A} {P}ractical {A}pproach to {H}edging, {T}rading and {P}ortfolio {D}iversification",
	Author = "Iris Marie Mack",
	Publisher = "Wiley Finance",
	Year = "2014",
	Edition = "First"
}

@Book{Birge_StochProgm,
	Title = "Introduction to Stochastic Programming",
	Author = "John R. Birge and Francois Louveaux",
	Publisher = "Springer New York",
	Year = "2011",
	Edition = "Second"
}

@Article{FEC_PaperEdu,
	title = "Allocation of {F}irm-{E}nergy {R}ights among {H}ydro {P}lants: {A}n {A}umann-{S}hapley {A}pproach",
	author = "E. Faria and L. A. Barroso and R. Kelman and S. Granville and M. V. Pereira",
	journal = "IEEE Trans. Power Syst.",
	volume = "24",
	number = "2",
	pages = "541--551",
	month = "May",
	year = "2009"
}

@Article{SupplyAdequacy,
	title = "Supply {A}dequacy in the {B}razilian {P}ower {M}arket",
	author = "M. V. Pereira and L. A. Barroso and J. Rosenblatt",
	journal = "IEEE General Meeting 2004",
	address = "Denver, CO, USA",
	%pages = "1--6",
	month = "Jun.",
	year = "2004"
}

@Article{EffprobElectMktRiskMana,
	title = "An {E}fficient {P}obabilistic {A}ssessment {M}ethod for {E}lectrcity {M}arket {R}isk {M}anagement",
	author = "Jie Huang and Yusheng and Zhao Yang Dong and Kit Po Wong",
	journal = "IEEE Trans. Power Syst.",
	volume = "27",
	number = "3",
	pages = "1485--1493",
	month = "Aug.",
	year = "2012"
}

@Article{ManagPriceRisk_MultiEnvi,
	title = "Managing {P}rice {R}isk in a {M}ultimarket {E}nvironment",
	author = "Min Liu and Felix F. Wu",
	journal = "IEEE Trans. Power Syst.",
	volume = "21",
	number = "4",
	pages = "1512--1519",
	month = "Nov.",
	year = "2006"
}

@Article{WeeklySelfSche_ForwPool,
	title = "Weekly {S}elf-{S}cheduling, {F}orward {C}ontracting, and {P}ool {I}nvolvment for an {E}lectricity {P}roducer. {A}n {A}daptative {R}obust {O}ptimization {A}pproach",
	author = "Ricardo M. Lima and Augusto Q. Novais and Antonio J. Conejo",
	journal = "Eur. J. Oper. Res.",
	volume = "240",
	number = "2",
	pages = "457--475",
	month = "Jan.",
	year = "2015"
}

@Article{AMC_GenPortPlan,
	title = "A {M}onte {C}arlo {A}pproach to {G}enerator {P}ortfolio {P}lanning and {C}arbon {E}missions {A}ssessments of {S}ystems with {L}arge {P}enetration of {V}ariable {R}enewables",
	author = "Elaine K. Hart and Mark Z. Jacobson",
	journal = "Renewable Energy",
	volume = "36",
	number = "8",
	pages = "2278--2286",
	month = "Aug.",
	year = "2011"
}

@Article{WPInvestment,
	title = "Wind {P}ower {I}nvestment within a {M}arket {E}nvironment",
	author = "Luis Baringo and Antonio J. Conejo",
	journal = "Appl. Energy",
	volume = "88",
	number = "9",
	pages = "3239--3247",
	month = "Sep.",
	year = "2011"
}

@Article{OfferingStrat_RO,
	author = "Luis Baringo and Antonio J. Conejo",
	title = "Offering {S}trategy via {R}obust {O}ptimization",
	Journal = "IEEE Trans. Power Syst.",
	Volume = "26",
	Number = "3",
	Pages = "1418--1425",
	month = "Aug.",
	Year = "2011"
}

@Article{PortSelect_Markovitz,
	title = "Portfolio {S}election",
	author = "H. Markovitz",
	journal = "The Journal of Finance",
	volume = "7",
	number = "1",
	pages = "77--91",
	month = "Mar.",
	year = "1952"
}

@Article{RobustSpotPrice,
	title = "Contracting {S}trategies for {R}enewable {G}enerators: {A} {H}ybrid {S}tochastic and {R}obust {O}ptimization {A}pproach",
	author = "Bruno Fanzeres and Alexandre Street and Luiz Augusto Barroso",
	journal = "IEEE Trans. Power Syst.",
	volume = "30",
	number = "4",
	pages = "1825--1837",
	month = "Jul.",
	year = "2015"
}

@Article{RiskConstPortSelect,
	title = "Risk {C}onstrained {P}ortfolio {S}election of {R}enewable {S}ources in {H}ydrothermal {E}lectricity {M}arkets",
	author = "A. Street and L. A. Barroso and B. Flach and M. V. Pereira and S. Granville",
	journal = "IEEE Trans. Power Syst.",
	volume = "24",
	number = "3",
	pages = "1136--1144",
	month = "Aug.",
	year = "2009"
}

@Article{RenewaInvAderson,
	title = "A {N}ovel {F}ramework to {D}efine the {P}emium for {I}nvestment in {C}omplementary {R}enewable {P}rojects",
	author = "Aderson Campos Passos and Alexandre Street and Bruno Fanzeres and Sergio Bruno",
	journal = "in Proc. PSCC'14",
	pages = "1--7",
	month = "Aug.",
	year = "2014"
}

@Article{FinanBilateralContNegot,
	Title = "Financial {B}ilateral {C}ontract {N}egotiation in {W}holesale {E}lectricity {M}arket using {N}ash {B}argaining {T}heory",
	Author = "Nanpeng Yu and Leigh Tesfatsion and Chen-Ching Liu",
	Journal = "IEEE Trans. Power Syst.",
	Volume = "27",
	Number = "1",
	Pages = "251--267",
	Month = "Feb.",
	Year = "2012"
}

@Article{BiddingStrategyHydro_Survey,
	Title = "Optimal {B}idding {S}trategies for {H}ydro-{E}lectric {P}roducers: {A} {L}iterature {S}urvey",
	Author = "Gregory Steeger and Luiz Augusto Barroso and Steffen Rebennack",
	Journal = "IEEE Trans. Power Syst.",
	Volume = "29",
	Number = "4",
	Pages = "1758--1766",
	Month = "Jul.",
	Year = "2014"
}

@Article{HedgingQtdRisk_Oren,
	Title = "Hedging {Q}uantity {R}isks with {S}tandard {P}ower {O}ptions in a {C}ompetitive {W}holesale {E}lectricity {M}arket",
	Author = "Yumi Oum and Shmuel Oren and Shijie Deng",
	Journal = "Naval Res. Logistics.",
	Volume = "53",
	Number = "7",
	Pages = "697--712",
	Month = "Oct.",
	Year = "2006"
}

@Article{EnergyCallOpt,
	Title = "A {M}arket {A}pproach to {L}ong-{T}erm {S}ecurity of {S}upply",
	Author = "Carlos V\'azquez and Michel Rivier and Ignacio J. P\'erez-Arriaga",
	Journal = "IEEE Trans. Power Syst.",
	Volume = "17",
	Number = "2",
	Pages = "349--357",
	Month = "May.",
	Year = "2002"
}

@Article{EnergyCallOpt_Bra,
	Title = "Energy {C}all {O}ptions {A}uctions for {G}eneration {A}dequacy in {B}razil",
	Author = "B. Bezerra and L. A. Barroso and S. Granville and A. Guimar\~aes and A. Street and M. V. Pereira",
	journal = "IEEE PES General Meeting 2006",
	address = "Montreal, Quebec, Canada",
	pages = "1--7",
	month = "Jul.",
	year = "2006"
}

@Article{AuctionsInSA,
	Title = "Electricity {A}uctions in {S}outh {A}merica: {T}owards {C}onvergence of {S}ystem {A}dequacy and {RES-E} {S}upport",
	Author = "P. Mastropietro and C. Batlle and L. A. Barroso and P. Rodilla",
	Journal = "Renewable and Sustainable Energy Reviews",
	Volume = "40",
	Number = "1",
	Pages = "375--385",
	Month = "Dec.",
	Year = "2014"
}

@Article{SAA,
	Title = "The {S}ample {A}verage {A}pproximation {M}ethod for {S}tochastic {D}iscrete {O}ptimization",
	Author = "Anton J. Kleywegt and Alexander Shapiro and Tito Homem-de-Mello",
	Journal = "SIAM J. Optim.",
	Volume = "12",
	Number = "2",
	Pages = "479--502",
	Year = "2002"
}

@Article{TheMCMethod,
	author = "N. Metropolis and S. Ulam",
	title = "The {M}onte {C}arlo {M}ethod",
	Journal = "Journal of the American Statistical Association",
	Volume = "44",
	Number = "247",
	Pages = "335--341",
	month = "Sep.",
	Year = "1949"
}

@Article{AmbiguityEnergySpotPrice,
	Title = "Contracting {S}trategies for {G}eneration {C}ompanies with {A}mbiguity {A}version on {S}pot {P}rice {D}istribution",
	author = "Bruno Fanzeres and Alexandre Street and Luiz Augusto Barroso",
	journal = "in Proc. PSCC'14",
	pages = "1--8",
	month = "Aug.",
	year = "2014"
}

@Article{FosteringWPP,
	key = {FosteringWPP},
	author = "A. Street and D. A. Lima and A. Veiga and B. Fanzeres and L. Freire and B. Amaral",
	title = "Fostering {W}ind {P}ower {P}enetration into the {B}razilian {F}orward-{C}ontract {M}arket",
	journal = "IEEE PES General Meeting 2011",
	address = "San Diego, California, USA",
	pages = "1--8",
	month = "Jul.",
	year = "2011"
}

@Article{CoalitionalAggregWP,
	author = "E. Baeyens and E. Y. Bitar and P. P. Khargonekar and K. Poolla",
	title = "Coalitional {A}ggregation of {W}ind {P}ower",
	Journal = "IEEE Trans. Power Syst.",
	Volume = "28",
	Number = "4",
	Pages = "3774--3784",
	month = "Nov.",
	Year = "2013"
}

@Article{BiddingStrategyRiskAverse,
	key = {BiddingStrategyRiskAverse},
	author = "A. Street and L. A. Barroso and S. Granville and M. V. Pereira",
	title = "Bidding {S}trategy under{U}ncertainty for {R}isk-{A}verse {G}enerator {C}ompanies in a {L}ong-{T}erm {F}orward {C}ontract {A}uction",
	journal = "IEEE PES General Meeting 2009",
	address = "Calgary, AB, Canada",
	pages = "1--8",
	month = "Jul.",
	year = "2009"
}

@Article{TimeAdaptQuantCopula,
	key = {TimeAdaptQuantCopula},
	author = "R. Bessa and V. Miranda and A. Botterud and Z. Zhou and J. Wang",
	title = "Time-{A}daptative {Q}uantile-{C}opula for {W}ind {P}ower {P}robabilistic {F}orecasting",
	journal = "Renewable Energy",
	Volume = "40",
	Number = "1",
	Pages = "29--39",
	Month = "Apr.",
	Year = "2012"
}

@Article{ReviewProbForecastWP,
	author = "Y. Zhang and J. Wang and X. Wang",
	title = "Review on {P}robabilistic {F}orecasting of {W}ind {P}ower {G}eneration",
	journal = "Renewable and Sustainable Energy Reviews",
	Volume = "32",
	Number = "1",
	Pages = "255--270",
	Month = "Apr.",
	Year = "2014"
}

@Article{ForwardContracts_ElectInd,
	key = {ForwardContracts_ElectInd},
	author = "R. J. Kaye and H. R. Outhred and C. H. Bannister",
	title = "Forward {C}ontracts for the {O}peration of an {E}lectricity {I}ndustry under {S}pot {P}ricing",
	journal = "IEEE Trans. Power. Syst.",
	Volume = "5",
	Number = "1",
	Pages = "46--52",
	Month = "Feb.",
	Year = "1990"
}

@Article{OptimalInvolvment,
	key = {OptimalInvolvment},
	author = "A. Conejo and R. Garc\'ia-Bertrand and M. Carri\'on and A. Caballero and A. Andr\'es",
	title = "Optimal {I}nvolvement in {F}utures {M}arkets of a {P}ower {P}roducer",
	journal = "IEEE Trans. Power. Syst.",
	Volume = "23",
	Number = "2",
	Pages = "703--711",
	Month = "May.",
	Year = "2008"
}

@Article{AStochDMFram_ElectrRetailer,
	author = "Alireza Hatami and Hossein Seifi and Mohammad Kazem Sheikh-El-Eslami",
	title = "A {S}tochastic-{B}ased {D}ecision-{M}aking {F}ramework for an {E}lectricity {R}etailer: {T}ime-of-{U}se {P}ricing and {E}lectricity {P}ortfolio {O}ptimization",
	Journal = "IEEE Trans. Power Syst.",
	Volume = "26",
	Number = "4",
	Pages = "1808--1816",
	month = "Nov.",
	Year = "2011"
}

@Article{ElectricDeriva_RiskManag,
	author = "S. J. Deng and S. S. Oren",
	title = "Electricity {D}erivatives and {R}isk {M}anagement",
	Journal = "Energy",
	Volume = "31",
	Number = "6--7",
	Pages = "940--953",
	month = "May--Jun.",
	Year = "2006"
}

@Article{ManagFinRiskWithCall,
	author = "S. Pineda and A. J. Conejo",
	title = "Managing the {F}inancial {R}isks of {E}lectricity {P}roducers using {O}ptions",
	Journal = "Energy Economics",
	Volume = "34",
	Number = "6",
	Pages = "2216--2227",
	month = "Nov.",
	Year = "2012"
}

@Article{RationalPrefUnderAmb,
	key = {RationalPrefUnderAmb},
	author = "S. Correia-Vioglio and P. Ghirardato and F. Maccheroni and M. Marinacci and M. Siniscalchi",
	title = "Rational {P}references under {A}mbiguity",
	journal = "Economic Theory",
	Volume = "48",
	Number = "2--3",
	Pages = "341--375",
	Month = "Oct.",
	Year = "2011"
}

@Article{UncertAversePref,
	key = {UncertAversePref},
	author = "S. Correia-Vioglio and F. Maccheroni and M. Marinacci and L. Montrucchio",
	title = "Uncertainty {A}verse {P}references",
	journal = "Journal of Economic Theory",
	Volume = "146",
	Number = "4",
	Pages = "1275--1330",
	Month = "Jul.",
	Year = "2011"
}

@Article{AmbAversion_VarRepPref,
	author = "F. Maccheroni and M. Marinacci and A. Rustichini",
	title = "Ambiguity {A}version, {R}obustness, and the {V}ariational {R}epresentation of {P}references",
	journal = "Econometrica",
	Volume = "74",
	Number = "6",
	Pages = "1447--1498",
	Month = "Nov.",
	Year = "2006"
}

@Article{DistriRobOpt_MomentUncert,
	author = "Erick Delage and Yinyu Ye",
	title = "Distributionally {R}obust {O}ptimization under {M}oment {U}ncertainty with {A}pplication to {D}ata-{D}riven {P}roblems",
	journal = "Operations Research",
	Volume = "58",
	Number = "3",
	Pages = "595--612",
	Month = "May--Jun.",
	Year = "2010"
}

@Article{SoftRobustModel_UnderAmb,
	author = "Aharon Ben-Tal and Dimitris Bertsimas and David B. Brown",
	title = "A {S}oft {R}obust {M}odel for {O}ptimization under {A}mbiguity",
	journal = "Operations Research",
	Volume = "58",
	Number = "4",
	Pages = "1220--1234",
	Month = "Aug.",
	Year = "2010"
}

@Article{PriceOfRobustness,
	key = {PriceOfRobustness},
	title = "The {P}rice of {R}obustness",
	author = "D. Bertsimas and M. Sim",
	journal = "Operations Research",
	volume = "52",
	number = "1",
	pages = "35--53",
	month = "Jan.--Feb.",
	year = "2004"
}

@Article{AROModel,
	key = {AROModel},
	title = "Adjustable {R}obust {S}olutions on {U}certain {L}inear {P}rograms",
	author = "A. Ben-Tal and A. Goryashko and E. Guslitzer and A. Nemirovsk",
	journal = "Math. Program.",
	volume = "99",
	number = "2",
	pages = "351--376",
	month = "Mar.",
	year = "2004"
}

@Article{Street_CE_CVaR,
	key = {Street_CE_CVaR},
	author = "A. Street",
	title = "On the {C}onditional {V}alue-at-{R}isk {P}robability-{D}ependent {U}tility {F}unction",
	journal = "Theory and Decision",
	Volume = "68",
	Number = "1--2",
	Pages = "49--68",
	Month = "Feb.",
	Year = "2010"
}

@Article{OptimizCVaR,
	key = {OptimizCVaR},
	author = "R. T. Rockafellar and S. P. Uryasev",
	title = "Optimization of {C}onditional {V}alue-at-{R}isk",
	journal = "Journal of Risk",
	volume = "2",
	number = "3",
	pages = "21--41",
	month = "Apr.",
	year = "2000"
}

@misc{Xpress,
	key = {Xpress},
	note = {Xpress Optimization Suite. [Online]. Available: http://www.fico.com/.}
}

@Article{SpotForwardRegimeShifts,
	author = "F. Paraschiv and S.-E. Fleten and M. Schr{\"u}le",
	title = "A {S}pot-{F}orward {M}odel for {E}lectricity {P}rices with {R}egime {S}hifts",
	journal = "Energy Economics",
	Volume = "47",
	Number = "1",
	Pages = "142--153",
	Month = "Jan.",
	Year = "2015"
}

@Article{EfficientModelingSpotPrice,
	author = "F. Ziel and R. Steinert and S. Husmann",
	title = "Efficient {M}odeling and {F}orecasting of {E}lectricity {S}pot {P}rices",
	journal = "Energy Economics",
	Volume = "47",
	Number = "1",
	Pages = "98--111",
	Month = "Jan.",
	Year = "2015"
}

@Article{SDDPMathProg,
	key = {SDDPMathProg},
	title = "Multi-{S}tage {S}tochastic {O}ptimization {A}pplied to {E}nergy {P}lanning",
	author = "M. V. Pereira and L. M. Pinto",
	journal = "Mathematical Programming",
	volume = "52",
	number = "1-3",
	pages = "359--375",
	month = "May.",
	year = "1991"
}

@Article{SurveyCommStrucModelSpotPrice,
	title = "A {S}urvey of {C}ommodity {M}arkets and {S}tructural {M}odels for {E}lectricity {P}rices",
	author = "R. Carmona and M. Coulon",
	journal = "Quantitative Energy Finance",
	pages = "41--83",
	month = "Aug.",
	year = "2013"
}

@Article{StrategicBiddingLargeCon,
	title = "Strategic {B}idding for a {L}arge {C}onsumer",
	author = "S. J. Kazempour and A. J. Conejo and C. Ruiz",
	journal = "IEEE Trans. Power Syst.",
	volume = "30",
	number = "2",
	pages = "848--856",
	month = "Mar.",
	year = "2015"
}